% bibtex entry %%%%%%%%%%%%%%%%%%%%%%%%%%%%%
%=============================Article==============================
@article{mitchell1989greenhouse,
  title={The “greenhouse” effect and climate change},
  author={Mitchell, John FB},
  journal={Reviews of Geophysics},
  volume={27},
  number={1},
  pages={115--139},
  year={1989},
  publisher={Wiley Online Library}
}

@article{cazzola2016global,
  title={Global EV outlook 2016},
  author={Cazzola, Pierpaolo and Gorner, Marine and Schuitmaker, R and Maroney, E},
  journal={International Energy Agency, France},
  year={2016}
}

@article{ding2022integrating,
  title={Integrating data decomposition and machine learning methods: An empirical proposition and analysis for renewable energy generation forecasting},
  author={Ding, Song and Zhang, Huahan and Tao, Zui and Li, Ruojin},
  journal={Expert Systems with Applications},
  volume={204},
  pages={117635},
  year={2022},
  publisher={Elsevier}
}

@article{miao2019current,
  title={Current Li-ion battery technologies in electric vehicles and opportunities for advancements},
  author={Miao, Yu and Hynan, Patrick and Von Jouanne, Annette and Yokochi, Alexandre},
  journal={Energies},
  volume={12},
  number={6},
  pages={1074},
  year={2019},
  publisher={MDPI}
}

@article{wang2019reliability,
  title={Reliability modeling method for lithium-ion battery packs considering the dependency of cell degradations based on a regression model and copulas},
  author={Wang, Lizhi and Sun, Yusheng and Wang, Xiaohong and Wang, Zhuo and Zhao, Xuejiao},
  journal={Materials},
  volume={12},
  number={7},
  pages={1054},
  year={2019},
  publisher={MDPI}
}

@article{ruiz2018review,
  title={A review of international abuse testing standards and regulations for lithium ion batteries in electric and hybrid electric vehicles},
  author={Ruiz, V and Pfrang, A and Kriston, A and Omar, N and Van den Bossche, P and Boon-Brett, L},
  journal={Renewable and Sustainable Energy Reviews},
  volume={81},
  pages={1427--1452},
  year={2018},
  publisher={Elsevier}
}
%=============================Book==============================





%=============================Inproceedings==============================
@inproceedings{pillot2013micro,
  title={Micro hybrid, HEV, P-HEV and EV market 2012--2025 impact on the battery business},
  author={Pillot, Christophe},
  booktitle={2013 World Electric Vehicle Symposium and Exhibition (EVS27)},
  pages={1--6},
  year={2013},
  organization={IEEE}
}


